@article{link1995social,
  title={Social conditions as fundamental causes of disease},
  author={Link, Bruce G and Phelan, Jo},
  journal={Journal of health and social behavior},
  pages={80--94},
  year={1995},
  publisher={JSTOR}
}
@article{helland2000model,
  title={Model reduction for prediction in regression models},
  author={Helland, Inge S},
  journal={Scandinavian journal of statistics},
  volume={27},
  number={1},
  pages={1--20},
  year={2000},
  publisher={Wiley Online Library}
}